@inproceedings{sarwar2001item,
  title={Item-based collaborative filtering recommendation algorithms},
  author={Sarwar, Badrul and Karypis, George and Konstan, Joseph and Riedl, John},
  booktitle={Proceedings of the 10th international conference on World Wide Web},
  pages={285--295},
  year={2001},
  organization={ACM}
}

@inproceedings{breese1998empirical,
	title={Empirical analysis of predictive algorithms for collaborative filtering},
	author={Breese, John S and Heckerman, David and Kadie, Carl},
	booktitle={Proceedings of the Fourteenth conference on Uncertainty in artificial intelligence},
	pages={43--52},
	year={1998},
	organization={Morgan Kaufmann Publishers Inc.}
}